@article{Davies1980,
 ISSN = {00359254, 14679876},
 URL = {http://www.jstor.org/stable/2346911},
 author = {Robert B. Davies},
 journal = {Journal of the Royal Statistical Society. Series C (Applied Statistics)},
 number = {3},
 pages = {323--333},
 publisher = {[Wiley, Royal Statistical Society]},
 title = {Algorithm AS 155: The Distribution of a Linear Combination of $\chi^2$ Random Variables},
 volume = {29},
 year = {1980}
}

@article{Broadaway2016,
	An = {26942286},
	Author = {Broadaway, K Alaine and Cutler, David J and Duncan, Richard and Moore, Jacob L and Ware, Erin B and Jhun, Min A and Bielak, Lawrence F and Zhao, Wei and Smith, Jennifer A and Peyser, Patricia A and Kardia, Sharon L R and Ghosh, Debashis and Epstein, Michael P},
	Date = {2016/03/03},
	Db = {PubMed},
	Doi = {10.1016/j.ajhg.2016.01.017},
	Et = {2016/03/03},
	Isbn = {1537-6605; 0002-9297},
	J1 = {Am J Hum Genet},
	Journal = {American Journal of Human Genetics},
	L2 = {https://www.ncbi.nlm.nih.gov/pmc/PMC4800053/},
	Month = {03},
	Number = {3},
	Pages = {525--540},
	Publisher = {Elsevier},
	Title = {A Statistical Approach for Testing Cross-Phenotype Effects of Rare Variants},
	U1 = {26942286{$[$}pmid{$]$}},
	U2 = {PMC4800053{$[$}pmcid{$]$}},
	U4 = {S0002-9297(16)00052-5{$[$}PII{$]$}},
	Url = {https://www.ncbi.nlm.nih.gov/pubmed/26942286},
	Volume = {98},
	Year = {2016},
}

@article{Carpinelli2017,
author = {M.R. Carpinelli and M.E. de Vries and S.M. Jane and S. Dworkin},
title ={Grainyhead-like Transcription Factors in Craniofacial Development},
journal = {Journal of Dental Research},
volume = {96},
number = {11},
pages = {1200-1209},
year = {2017},
doi = {10.1177/0022034517719264},
    note ={PMID: 28697314}
}


@article{Epstein2015,
	Author = {Epstein, Michael P and Duncan, Richard and Ware, Erin B and Jhun, Min A and Bielak, Lawrence F and Zhao, Wei and Smith, Jennifer A and Peyser, Patricia A and Kardia, Sharon L R and Satten, Glen A},
	Journal = {American Journal of Human Genetics},
	Month = {04},
	Number = {4},
	Pages = {543--554},
	Title = {A statistical approach for rare-variant association testing in affected sibships},
	Volume = {96},
	Year = {2015}}


@article{Kotlar2018,
author="Kotlar, Alex V.
and Trevino, Cristina E.
and Zwick, Michael E.
and Cutler, David J.
and Wingo, Thomas S.",
title="Bystro: rapid online variant annotation and natural-language filtering at whole-genome scale",
journal="Genome Biology",
year="2018",
month="Feb",
day="06",
volume="19",
number="1",
pages="14",
issn="1474-760X",
doi="10.1186/s13059-018-1387-3",
url="https://doi.org/10.1186/s13059-018-1387-3"
}


@article{Leslie2016,
	Author = {Leslie, Elizabeth J and Carlson, Jenna C and Shaffer, John R and Feingold, Eleanor and Wehby, George and Laurie, Cecelia A and Jain, Deepti and Laurie, Cathy C and Doheny, Kimberly F and McHenry, Toby and Resick, Judith and Sanchez, Carla and Jacobs, Jennifer and Emanuele, Beth and Vieira, Alexandre R and Neiswanger, Katherine and Lidral, Andrew C and Valencia-Ramirez, Luz Consuelo and Lopez-Palacio, Ana Maria and Valencia, Dora Rivera and Arcos-Burgos, Mauricio and Czeizel, Andrew E and Field, L Leigh and Padilla, Carmencita D and Cutiongco-de la Paz, Eva Maria C and Deleyiannis, Frederic and Christensen, Kaare and Munger, Ronald G and Lie, Rolv T and Wilcox, Allen and Romitti, Paul A and Castilla, Eduardo E and Mereb, Juan C and Poletta, Fernando A and Orioli, I{\^e}da M and Carvalho, Flavia M and Hecht, Jacqueline T and Blanton, Susan H and Bux{\'o}, Carmen J and Butali, Azeez and Mossey, Peter A and Adeyemo, Wasiu L and James, Olutayo and Braimah, Ramat O and Aregbesola, Babatunde S and Eshete, Mekonen A and Abate, Fikre and Koruyucu, Mine and Seymen, Figen and Ma, Lian and de Salamanca, Javier Enr{\'\i}quez and Weinberg, Seth M and Moreno, Lina and Murray, Jeffrey C and Marazita, Mary L},
	Journal = {Human molecular genetics},
	Month = {07},
	Number = {13},
	Pages = {2862--2872},
	Title = {A multi-ethnic genome-wide association study identifies novel loci for non-syndromic cleft lip with or without cleft palate on 2p24.2, 17q23 and 19q13},
	Volume = {25},
	Year = {2016}}


@article{Leslie2016b,
	Author = {Leslie, Elizabeth J and Liu, Huan and Carlson, Jenna C and Shaffer, John R and Feingold, Eleanor and Wehby, George and Laurie, Cecelia A and Jain, Deepti and Laurie, Cathy C and Doheny, Kimberly F and McHenry, Toby and Resick, Judith and Sanchez, Carla and Jacobs, Jennifer and Emanuele, Beth and Vieira, Alexandre R and Neiswanger, Katherine and Standley, Jennifer and Czeizel, Andrew E and Deleyiannis, Frederic and Christensen, Kaare and Munger, Ronald G and Lie, Rolv T and Wilcox, Allen and Romitti, Paul A and Field, L Leigh and Padilla, Carmencita D and Cutiongco-de la Paz, Eva Maria C and Lidral, Andrew C and Valencia-Ramirez, Luz Consuelo and Lopez-Palacio, Ana Maria and Valencia, Dora Rivera and Arcos-Burgos, Mauricio and Castilla, Eduardo E and Mereb, Juan C and Poletta, Fernando A and Orioli, I{\^e}da M and Carvalho, Flavia M and Hecht, Jacqueline T and Blanton, Susan H and Bux{\'o}, Carmen J and Butali, Azeez and Mossey, Peter A and Adeyemo, Wasiu L and James, Olutayo and Braimah, Ramat O and Aregbesola, Babatunde S and Eshete, Mekonen A and Deribew, Milliard and Koruyucu, Mine and Seymen, Figen and Ma, Lian and de Salamanca, Javier Enr{\'\i}quez and Weinberg, Seth M and Moreno, Lina and Cornell, Robert A and Murray, Jeffrey C and Marazita, Mary L},
	Journal = {American journal of human genetics},
	Month = {04},
	Number = {4},
	Pages = {744--754},
	Title = {A Genome-wide Association Study of Nonsyndromic Cleft Palate Identifies an Etiologic Missense Variant in GRHL3},
	Volume = {98},
	Year = {2016}}


@article{Li2008,
	Author = {Li, Bingshan and Leal, Suzanne M},
	Journal = {American journal of human genetics},
	Month = {09},
	Number = {3},
	Pages = {311--321},
	Title = {Methods for detecting associations with rare variants for common diseases: application to analysis of sequence data},
	Volume = {83},
	Year = {2008}}


@article{PeyrardJanvid2014,
	Author = {Peyrard-Janvid, Myriam and Leslie, Elizabeth J and Kousa, Youssef A and Smith, Tiffany L and Dunnwald, Martine and Magnusson, M{\aa}ns and Lentz, Brian A and Unneberg, Per and Fransson, Ingegerd and Koillinen, Hannele K and Rautio, Jorma and Pegelow, Marie and Karsten, Agneta and Basel-Vanagaite, Lina and Gordon, William and Andersen, Bogi and Svensson, Thomas and Murray, Jeffrey C and Cornell, Robert A and Kere, Juha and Schutte, Brian C},
	Journal = {American journal of human genetics},
	Month = {01},
	Number = {1},
	Pages = {23--32},
	Title = {Dominant mutations in GRHL3 cause Van der Woude Syndrome and disrupt oral periderm development},
	Volume = {94},
	Year = {2014}}


@article{Wu2011,
	Author = {Wu, Michael C and Lee, Seunggeun and Cai, Tianxi and Li, Yun and Boehnke, Michael and Lin, Xihong},
	Journal = {American journal of human genetics},
	Month = {07},
	Number = {1},
	Pages = {82--93},
	Title = {Rare-variant association testing for sequencing data with the sequence kernel association test},
	Volume = {89},
	Year = {2011}}

@article{Yee2010,
   author = {Thomas Yee},
   title = {The VGAM Package for Categorical Data Analysis},
   journal = {Journal of Statistical Software, Articles},
   volume = {32},
   number = {10},
   year = {2010},
   issn = {1548-7660},
   pages = {1--34},
   doi = {10.18637/jss.v032.i10}
}

@book{McCullagh1989,
  TITLE = {Generalized linear models},
  AUTHOR = {McCullagh, P. and Nelder, J.A.},
  YEAR = {1989},
  PUBLISHER = {Chapman \& Hall},
  EDITION = {2nd}
}


@article{cosi,
	Author = {Schaffner, Stephen F and Foo, Catherine and Gabriel, Stacey and Reich, David and Daly, Mark J and Altshuler, David},
	Journal = {Genome research},
	Month = {11},
	Number = {11},
	Pages = {1576--1583},
	Title = {Calibrating a coalescent simulation of human genome sequence variation},
	Volume = {15},
	Year = {2005}}


@article{Tessier1976,
author = {Tessier, Paul},
year = {1976},
month = {07},
pages = {69-92},
title = {Anatomical classification of facial, cranio-facial and latero-facial clefts},
volume = {4},
journal = {Journal of maxillofacial surgery},
doi = {10.1016/S0301-0503(76)80013-6}
}


@article{Mossey2009,
	Author = {Mossey, Peter A and Little, Julian and Munger, Ron G and Dixon, Mike J and Shaw, William C},
	Journal = {The Lancet},
	Number = {9703},
	Pages = {1773--1785},
	Title = {Cleft lip and palate},
	Volume = {374},
	Year = {2009}}


@article{Conneely2007,
	Author = {Conneely, K.N. and Boehnke, M.},
	Journal = {American Journal of Human Genetics},
	Number = {81},
	Pages = {1158--1168},
	Title = {So many correlated tests, so little time! Rapid adjustment of p-values for multiple correlated tests},
	Year = {2007}}


@article{Mostowska2018,
author = {Mostowska, A. and Gaczkowska, A. and Zukowski, K. and Ludwig, K.U. and Hozyasz, K.K. and W\'ojcicki, P. and Mangold, E. and B\"ohmer, A.C. and Heilmann-Heimbach, S. and Knapp, M. and Zadurska, M. and Biedziak, B. and Budner, M. and Lasota, A. and Daktera-Micker, A. and Jagodzinski, P.P.},
title = {Common variants in DLG1 locus are associated with non-syndromic cleft lip with or without cleft palate},
journal = {Clinical Genetics},
volume = {93},
number = {4},
pages = {784-793},
keywords = {3q29, DLG1, GWAS, nsCL/P, replication analysis},
doi = {10.1111/cge.13141},
url = {https://onlinelibrary.wiley.com/doi/abs/10.1111/cge.13141},
eprint = {https://onlinelibrary.wiley.com/doi/pdf/10.1111/cge.13141},
year = {2018}
}
